
@inproceedings{mori_identifying_2004,
	title = {Identifying elephant flows through periodically sampled packets},
	booktitle = {Proceedings of the 4th {ACM} {SIGCOMM} conference on {Internet} measurement},
	publisher = {ACM},
	author = {Mori, Tatsuya and Uchida, Masato and Kawahara, Ryoichi and Pan, Jianping and Goto, Shigeki},
	year = {2004},
	pages = {115--120},
	file = {Identifying_elephant_flows_through_periodically_sa.pdf:/home/rubens/Zotero/storage/HJFYFWMY/Identifying_elephant_flows_through_periodically_sa.pdf:application/pdf}
}

@inproceedings{benson_network_2010,
	title = {Network traffic characteristics of data centers in the wild},
	booktitle = {Proceedings of the 10th {ACM} {SIGCOMM} conference on {Internet} measurement},
	publisher = {ACM},
	author = {Benson, Theophilus and Akella, Aditya and Maltz, David A.},
	year = {2010},
	pages = {267--280},
	file = {network_traffic_characteristics_wild.pdf:/home/rubens/Zotero/storage/RA7FIQGC/network_traffic_characteristics_wild.pdf:application/pdf}
}