
@inproceedings{shrivastava_application-aware_2011,
	title = {Application-aware virtual machine migration in data centers},
	booktitle = {{INFOCOM}, 2011 {Proceedings} {IEEE}},
	publisher = {IEEE},
	author = {Shrivastava, Vivek and Zerfos, Petros and Lee, Kang-Won and Jamjoom, Hani and Liu, Yew-Huey and Banerjee, Suman},
	year = {2011},
	pages = {66--70},
	file = {application_aware_vm_migration.pdf:/home/rubens/Zotero/storage/ULIYC64W/application_aware_vm_migration.pdf:application/pdf}
}

@inproceedings{georgopoulos_cache_2014,
	title = {Cache as a service: {Leveraging} sdn to efficiently and transparently support video-on-demand on the last mile},
	shorttitle = {Cache as a service},
	booktitle = {Computer {Communication} and {Networks} ({ICCCN}), 2014 23rd {International} {Conference} on},
	publisher = {IEEE},
	author = {Georgopoulos, Panagiotis and Broadbent, Matthew and Plattner, Bernhard and Race, Nicholas},
	year = {2014},
	pages = {1--9},
	file = {cache_aas_sdn_vod.pdf:/home/rubens/Zotero/storage/5FPZVEN4/cache_aas_sdn_vod.pdf:application/pdf}
}

@article{maddah-ali_fundamental_2014,
	title = {Fundamental limits of caching},
	volume = {60},
	number = {5},
	journal = {IEEE Transactions on Information Theory},
	author = {Maddah-Ali, Mohammad Ali and Niesen, Urs},
	year = {2014},
	pages = {2856--2867},
	file = {caching_limits.pdf:/home/rubens/Zotero/storage/VLCSFVZ3/caching_limits.pdf:application/pdf}
}

@article{greenberg_cost_2008,
	title = {The cost of a cloud: research problems in data center networks},
	volume = {39},
	shorttitle = {The cost of a cloud},
	number = {1},
	journal = {ACM SIGCOMM computer communication review},
	author = {Greenberg, Albert and Hamilton, James and Maltz, David A. and Patel, Parveen},
	year = {2008},
	pages = {68--73},
	file = {cloud_dc_research_problems.pdf:/home/rubens/Zotero/storage/ZWE5HU2Y/cloud_dc_research_problems.pdf:application/pdf}
}

@inproceedings{xu_multi-objective_2010,
	title = {Multi-{Objective} {Virtual} {Machine} {Placement} in {Virtualized} {Data} {Center} {Environments}},
	isbn = {978-1-4244-9779-9},
	url = {http://ieeexplore.ieee.org/document/5724828/},
	doi = {10.1109/GreenCom-CPSCom.2010.137},
	urldate = {2018-03-01},
	publisher = {IEEE},
	author = {Xu, Jing and Fortes, Jose A. B.},
	month = dec,
	year = {2010},
	pages = {179--188},
	file = {multi_objective_vm_cloud_dc.pdf:/home/rubens/Zotero/storage/DCTCEA2Q/multi_objective_vm_cloud_dc.pdf:application/pdf}
}

@article{radhakrishnan_netshare_2012,
	title = {Netshare and stochastic netshare: predictable bandwidth allocation for data centers},
	volume = {42},
	shorttitle = {Netshare and stochastic netshare},
	number = {3},
	journal = {ACM SIGCOMM Computer Communication Review},
	author = {Radhakrishnan, Sivasankar and Pan, Rong and Vahdat, Amin and Varghese, George},
	year = {2012},
	pages = {5--11},
	file = {netshare_predictable_bw_allocation.pdf:/home/rubens/Zotero/storage/CBIWGFFP/netshare_predictable_bw_allocation.pdf:application/pdf}
}

@inproceedings{benson_network_2010,
	title = {Network traffic characteristics of data centers in the wild},
	booktitle = {Proceedings of the 10th {ACM} {SIGCOMM} conference on {Internet} measurement},
	publisher = {ACM},
	author = {Benson, Theophilus and Akella, Aditya and Maltz, David A.},
	year = {2010},
	pages = {267--280},
	file = {network_traffic_characteristics_wild.pdf:/home/rubens/Zotero/storage/WR6RCXA2/network_traffic_characteristics_wild.pdf:application/pdf}
}

@book{krishnamurthy_passive_2010,
	address = {Berlin},
	series = {Lecture notes in computer science},
	title = {Passive and active measurement: 11th international conference, {PAM} 2010, {Zurich}, {Switzerland}, {April} 7-9, 2010: proceedings},
	isbn = {978-3-642-12333-7},
	shorttitle = {Passive and active measurement},
	number = {6032},
	publisher = {Springer},
	editor = {Krishnamurthy, Arvind and Plattner, B.},
	year = {2010},
	keywords = {Computer networks, Information networks},
	file = {opentm_traffic_estimator.pdf:/home/rubens/Zotero/storage/SLTEL778/opentm_traffic_estimator.pdf:application/pdf}
}

@inproceedings{stefanovici_software-defined_2015,
	title = {Software-defined caching: managing caches in multi-tenant data centers},
	isbn = {978-1-4503-3651-2},
	shorttitle = {Software-defined caching},
	url = {http://dl.acm.org/citation.cfm?doid=2806777.2806933},
	doi = {10.1145/2806777.2806933},
	language = {en},
	urldate = {2018-03-01},
	publisher = {ACM Press},
	author = {Stefanovici, Ioan and Thereska, Eno and O'Shea, Greg and Schroeder, Bianca and Ballani, Hitesh and Karagiannis, Thomas and Rowstron, Antony and Talpey, Tom},
	year = {2015},
	pages = {174--181},
	file = {sdn_caching_moira.pdf:/home/rubens/Zotero/storage/CE65YR26/sdn_caching_moira.pdf:application/pdf}
}

@inproceedings{singh_server-storage_2008,
	title = {Server-storage virtualization: integration and load balancing in data centers},
	shorttitle = {Server-storage virtualization},
	booktitle = {Proceedings of the 2008 {ACM}/{IEEE} conference on {Supercomputing}},
	publisher = {IEEE Press},
	author = {Singh, Aameek and Korupolu, Madhukar and Mohapatra, Dushmanta},
	year = {2008},
	pages = {53},
	file = {server_storage_virtualization.pdf:/home/rubens/Zotero/storage/535XZYFV/server_storage_virtualization.pdf:application/pdf}
}

@inproceedings{lall_data_2006,
	title = {Data streaming algorithms for estimating entropy of network traffic},
	volume = {34},
	booktitle = {{ACM} {SIGMETRICS} {Performance} {Evaluation} {Review}},
	publisher = {ACM},
	author = {Lall, Ashwin and Sekar, Vyas and Ogihara, Mitsunori and Xu, Jun and Zhang, Hui},
	year = {2006},
	pages = {145--156},
	file = {data_streaming_algorithms_flow.pdf:/home/rubens/Zotero/storage/Q7MXYJVH/data_streaming_algorithms_flow.pdf:application/pdf}
}

@inproceedings{meng_improving_2010,
	title = {Improving the scalability of data center networks with traffic-aware virtual machine placement},
	booktitle = {{INFOCOM}, 2010 {Proceedings} {IEEE}},
	publisher = {IEEE},
	author = {Meng, Xiaoqiao and Pappas, Vasileios and Zhang, Li},
	year = {2010},
	pages = {1--9},
	file = {dcn_scalability_improvement_traffic_aware_vm.pdf:/home/rubens/Zotero/storage/EIT6XILG/dcn_scalability_improvement_traffic_aware_vm.pdf:application/pdf}
}

@inproceedings{jun_ddos_2014,
	title = {{DDoS} attack detection by using packet sampling and flow features},
	isbn = {978-1-4503-2469-4},
	url = {http://dl.acm.org/citation.cfm?doid=2554850.2555109},
	doi = {10.1145/2554850.2555109},
	language = {en},
	urldate = {2018-03-04},
	publisher = {ACM Press},
	author = {Jun, Jae-Hyun and Ahn, Cheol-Woong and Kim, Sung-Ho},
	year = {2014},
	pages = {711--712},
	file = {ddos_attack_detection.pdf:/home/rubens/Zotero/storage/YSCPAVLH/ddos_attack_detection.pdf:application/pdf}
}

@inproceedings{yu_flowsense:_2013,
	title = {Flowsense: {Monitoring} network utilization with zero measurement cost},
	shorttitle = {Flowsense},
	booktitle = {International {Conference} on {Passive} and {Active} {Network} {Measurement}},
	publisher = {Springer},
	author = {Yu, Curtis and Lumezanu, Cristian and Zhang, Yueping and Singh, Vishal and Jiang, Guofei and Madhyastha, Harsha V.},
	year = {2013},
	pages = {31--41},
	file = {flowsense_network_utilization.pdf:/home/rubens/Zotero/storage/RVZ4RQCB/flowsense_network_utilization.pdf:application/pdf}
}

@inproceedings{al-fares_hedera:_2010,
	title = {Hedera: {Dynamic} flow scheduling for data center networks.},
	volume = {10},
	shorttitle = {Hedera},
	booktitle = {Nsdi},
	author = {Al-Fares, Mohammad and Radhakrishnan, Sivasankar and Raghavan, Barath and Huang, Nelson and Vahdat, Amin},
	year = {2010},
	pages = {19--19},
	file = {hedera.pdf:/home/rubens/Zotero/storage/QFDMGP63/hedera.pdf:application/pdf}
}

@inproceedings{mori_identifying_2004,
	title = {Identifying elephant flows through periodically sampled packets},
	booktitle = {Proceedings of the 4th {ACM} {SIGCOMM} conference on {Internet} measurement},
	publisher = {ACM},
	author = {Mori, Tatsuya and Uchida, Masato and Kawahara, Ryoichi and Pan, Jianping and Goto, Shigeki},
	year = {2004},
	pages = {115--120},
	file = {Identifying_elephant_flows_through_periodically_sa.pdf:/home/rubens/Zotero/storage/LA5VKUA2/Identifying_elephant_flows_through_periodically_sa.pdf:application/pdf}
}

@inproceedings{curtis_mahout:_2011,
	title = {Mahout: {Low}-overhead datacenter traffic management using end-host-based elephant detection},
	shorttitle = {Mahout},
	booktitle = {{INFOCOM}, 2011 {Proceedings} {IEEE}},
	publisher = {IEEE},
	author = {Curtis, Andrew R. and Kim, Wonho and Yalagandula, Praveen},
	year = {2011},
	pages = {1629--1637},
	file = {mahout.pdf:/home/rubens/Zotero/storage/E735Z2P5/mahout.pdf:application/pdf}
}

@article{ros-giralt_mathematical_2017,
	title = {A {Mathematical} {Framework} for the {Detection} of {Elephant} {Flows}},
	journal = {arXiv preprint arXiv:1701.01683},
	author = {Ros-Giralt, Jordi and Commike, Alan and Maji, Sourav and Veeraraghavan, Malathi},
	year = {2017},
	file = {mathematical_framework_elph_flow_detec.pdf:/home/rubens/Zotero/storage/CW97NMN8/mathematical_framework_elph_flow_detec.pdf:application/pdf}
}

@inproceedings{lakhina_characterization_2004,
	title = {Characterization of network-wide anomalies in traffic flows},
	booktitle = {Proceedings of the 4th {ACM} {SIGCOMM} conference on {Internet} measurement},
	publisher = {ACM},
	author = {Lakhina, Anukool and Crovella, Mark and Diot, Christiphe},
	year = {2004},
	pages = {201--206},
	file = {network_wide_traffic_anomalies.pdf:/home/rubens/Zotero/storage/HVXKDPQ2/network_wide_traffic_anomalies.pdf:application/pdf}
}

@inproceedings{lorenz_optimal_2003,
	title = {Optimal partition of {QoS} requirements for many-to-many connections},
	volume = {3},
	booktitle = {{INFOCOM} 2003. {Twenty}-{Second} {Annual} {Joint} {Conference} of the {IEEE} {Computer} and {Communications}. {IEEE} {Societies}},
	publisher = {IEEE},
	author = {Lorenz, Dean H. and Orda, Ariel and Raz, Danny},
	year = {2003},
	pages = {1670--1679},
	file = {optimal_partiotion_many_many_connections.pdf:/home/rubens/Zotero/storage/LDFFE2ZE/optimal_partiotion_many_many_connections.pdf:application/pdf}
}

@book{munz_traffic_2010,
	address = {M{\"u}nchen},
	series = {Network architectures and services},
	title = {Traffic anomaly detection and cause identification using flow-level measurements},
	isbn = {978-3-937201-12-2},
	language = {eng},
	number = {2010,06},
	publisher = {Network Architectures and Services, Techn. Univ. M{\"u}nchen},
	author = {M{\"u}nz, Gerhard},
	year = {2010},
	note = {OCLC: 845870015},
	annote = {Zugl.: M{\"u}nchen, Techn. Univ., Diss., 2010},
	file = {traffic_anomaly_detection_flow_level_measurements.pdf:/home/rubens/Zotero/storage/K8RRTHSL/traffic_anomaly_detection_flow_level_measurements.pdf:application/pdf}
}

@inproceedings{brauckhoff_impact_2006,
	title = {Impact of packet sampling on anomaly detection metrics},
	booktitle = {Proceedings of the 6th {ACM} {SIGCOMM} conference on {Internet} measurement},
	publisher = {ACM},
	author = {Brauckhoff, Daniela and Tellenbach, Bernhard and Wagner, Arno and May, Martin and Lakhina, Anukool},
	year = {2006},
	pages = {159--164},
	file = {impact_packet_sampling.pdf:/home/rubens/Zotero/storage/93EQX7YN/impact_packet_sampling.pdf:application/pdf}
}

@misc{noauthor_mice_2013,
	title = {Of {Mice} and {Elephants}},
	url = {https://networkheresy.com/2013/11/01/of-mice-and-elephants/},
	journal = {Network Heresy},
	author = {, networkheresy},
	month = nov,
	year = {2013}
}

@misc{pettit_open_2014,
	address = {Atlanta},
	title = {Open {vSwitch} and the {Intelligent} {Edge}},
	url = {http://www.openvswitch.org//support/slides/OpenStack-140513.pdf},
	language = {English},
	author = {Pettit, Justin},
	year = {2014},
	file = {openstack_elephants.pdf:/home/rubens/Zotero/storage/P9TPBVW7/openstack_elephants.pdf:application/pdf}
}

@inproceedings{zhu_intelligent_2015,
	title = {Intelligent timeout master: {Dynamic} timeout for {SDN}-based data centers},
	shorttitle = {Intelligent timeout master},
	booktitle = {Integrated {Network} {Management} ({IM}), 2015 {IFIP}/{IEEE} {International} {Symposium} on},
	publisher = {IEEE},
	author = {Zhu, Huikang and Fan, Hongbo and Luo, Xuan and Jin, Yaohui},
	year = {2015},
	pages = {734--737},
	file = {intelligent_timeout.pdf:/home/rubens/Zotero/storage/UMXWX2KH/intelligent_timeout.pdf:application/pdf}
}

@article{wang_expeditus:_2017,
	title = {Expeditus: {Congestion}-{Aware} {Load} {Balancing} in {Clos} {Data} {Center} {Networks}},
	volume = {25},
	issn = {1063-6692, 1558-2566},
	shorttitle = {Expeditus},
	url = {http://ieeexplore.ieee.org/document/8003394/},
	doi = {10.1109/TNET.2017.2731986},
	number = {5},
	urldate = {2018-03-04},
	journal = {IEEE/ACM Transactions on Networking},
	author = {Wang, Peng and Xu, Hong and Niu, Zhixiong and Han, Dongsu and Xiong, Yongqiang},
	month = oct,
	year = {2017},
	pages = {3175--3188},
	file = {expeditus_congestion_aware_lb.pdf:/home/rubens/Zotero/storage/FYV2ABR7/expeditus_congestion_aware_lb.pdf:application/pdf}
}

@article{wilson_better_2011,
	title = {Better never than late: {Meeting} deadlines in datacenter networks},
	volume = {41},
	shorttitle = {Better never than late},
	number = {4},
	journal = {ACM SIGCOMM Computer Communication Review},
	author = {Wilson, Christo and Ballani, Hitesh and Karagiannis, Thomas and Rowtron, Ant},
	year = {2011},
	pages = {50--61},
	file = {deadlines_dcn.pdf:/home/rubens/Zotero/storage/GQE6X655/deadlines_dcn.pdf:application/pdf}
}

@inproceedings{mittal_timely:_2015,
	title = {{TIMELY}: {RTT}-based {Congestion} {Control} for the {Datacenter}},
	isbn = {978-1-4503-3542-3},
	shorttitle = {{TIMELY}},
	url = {http://dl.acm.org/citation.cfm?doid=2785956.2787510},
	doi = {10.1145/2785956.2787510},
	language = {en},
	urldate = {2018-03-04},
	publisher = {ACM Press},
	author = {Mittal, Radhika and Zats, David and Lam, Vinh The and Dukkipati, Nandita and Blem, Emily and Wassel, Hassan and Ghobadi, Monia and Vahdat, Amin and Wang, Yaogong and Wetherall, David},
	year = {2015},
	pages = {537--550},
	file = {rtt_congestion.pdf:/home/rubens/Zotero/storage/55R3LWU5/rtt_congestion.pdf:application/pdf}
}

@article{lorenz_optimal_2002,
	title = {Optimal partition of {QoS} requirements on unicast paths and multicast trees},
	volume = {10},
	number = {1},
	journal = {ieee/acm Transactions on Networking},
	author = {Lorenz, Dean H. and Orda, Ariel},
	year = {2002},
	pages = {102--114},
	file = {Optimal_partition_of_QoS_requirements_on_unicast_p.pdf:/home/rubens/Zotero/storage/897E55XY/Optimal_partition_of_QoS_requirements_on_unicast_p.pdf:application/pdf}
}

@article{bari_data_2013,
	title = {Data center network virtualization: {A} survey},
	volume = {15},
	shorttitle = {Data center network virtualization},
	number = {2},
	journal = {IEEE Communications Surveys \& Tutorials},
	author = {Bari, Md Faizul and Boutaba, Raouf and Esteves, Rafael and Granville, Lisandro Zambenedetti and Podlesny, Maxim and Rabbani, Md Golam and Zhang, Qi and Zhani, Mohamed Faten},
	year = {2013},
	pages = {909--928},
	file = {dcn_survey.pdf:/home/rubens/Zotero/storage/PUF6UBHC/dcn_survey.pdf:application/pdf}
}

@inproceedings{roy_inside_2015,
	title = {Inside the {Social} {Network}'s ({Datacenter}) {Network}},
	isbn = {978-1-4503-3542-3},
	url = {http://dl.acm.org/citation.cfm?doid=2785956.2787472},
	doi = {10.1145/2785956.2787472},
	language = {en},
	urldate = {2018-03-04},
	publisher = {ACM Press},
	author = {Roy, Arjun and Zeng, Hongyi and Bagga, Jasmeet and Porter, George and Snoeren, Alex C.},
	year = {2015},
	pages = {123--137},
	file = {fb_datacenter.pdf:/home/rubens/Zotero/storage/FT5Y5K2X/fb_datacenter.pdf:application/pdf}
}

@misc{noauthor_basebox_whitepaper.pdf_nodate,
	title = {basebox\_whitepaper.pdf},
	file = {basebox_whitepaper.pdf:/home/rubens/Zotero/storage/XPXI9HRG/basebox_whitepaper.pdf:application/pdf}
}

@inproceedings{benson_understanding_2009,
	title = {Understanding data center traffic characteristics},
	isbn = {978-1-60558-443-0},
	url = {http://portal.acm.org/citation.cfm?doid=1592681.1592692},
	doi = {10.1145/1592681.1592692},
	language = {en},
	urldate = {2018-03-04},
	publisher = {ACM Press},
	author = {Benson, Theophilus and Anand, Ashok and Akella, Aditya and Zhang, Ming},
	year = {2009},
	pages = {65},
	file = {dc_traffic_chars.pdf:/home/rubens/Zotero/storage/8PLFETG4/dc_traffic_chars.pdf:application/pdf}
}

@inproceedings{ahmed_novel_2008,
	title = {A {Novel} {Sliding} {Window} {Based} {Change} {Detection} {Algorithm} for {Asymmetric} {Traffic}},
	isbn = {978-0-7695-3354-4},
	url = {http://ieeexplore.ieee.org/document/4663320/},
	doi = {10.1109/NPC.2008.81},
	urldate = {2018-03-04},
	publisher = {IEEE},
	author = {Ahmed, Ejaz and Clark, Andrew and Mohay, George},
	month = oct,
	year = {2008},
	pages = {168--175},
	file = {sliding_window_change_detection.pdf:/home/rubens/Zotero/storage/G7XJLQL7/sliding_window_change_detection.pdf:application/pdf}
}

@book{box_time_2016,
	address = {Hoboken, New Jersey},
	edition = {Fifth edition},
	series = {Wiley series in probability and statistics},
	title = {Time series analysis: forecasting and control},
	isbn = {978-1-118-67502-1},
	shorttitle = {Time series analysis},
	publisher = {John Wiley \& Sons, Inc},
	author = {Box, George E. P. and Jenkins, Gwilym M. and Reinsel, Gregory C. and Ljung, Greta M.},
	year = {2016},
	keywords = {Feedback control systems, Mathematical models, Prediction theory, Time-series analysis, Transfer functions}
}

@article{kalekar_time_2004,
	title = {Time series forecasting using holt-winters exponential smoothing},
	volume = {4329008},
	journal = {Kanwal Rekhi School of Information Technology},
	author = {Kalekar, Prajakta S.},
	year = {2004},
	pages = {1--13},
	file = {holtwinters.pdf:/home/rubens/Zotero/storage/KX4K8AYG/holtwinters.pdf:application/pdf}
}

@techreport{open_networking_foundation_sdn_2014,
	type = {Technical},
	title = {{SDN} {Architecture} {Overview}},
	language = {English},
	number = {TR\_SDN ARCH Overview  1.1 1111 2014},
	institution = {Open Networking Foundation},
	author = {{Open Networking Foundation}},
	month = nov,
	year = {2014},
	file = {onf_sdn_report.pdf:/home/rubens/Zotero/storage/QLTIKLF3/onf_sdn_report.pdf:application/pdf}
}

@inproceedings{shin_software-defined_2012,
	title = {Software-defined networking ({SDN}): {A} reference architecture and open {APIs}},
	isbn = {978-1-4673-4828-7 978-1-4673-4829-4 978-1-4673-4827-0},
	shorttitle = {Software-defined networking ({SDN})},
	url = {http://ieeexplore.ieee.org/document/6386859/},
	doi = {10.1109/ICTC.2012.6386859},
	urldate = {2018-03-04},
	publisher = {IEEE},
	author = {Shin, Myung-Ki and Nam, Ki-Hyuk and Kim, Hyoung-Jun},
	month = oct,
	year = {2012},
	pages = {360--361},
	file = {Shin et al. - 2012 - Software-defined networking (SDN) A reference arc.pdf:/home/rubens/Zotero/storage/4QM4QYKE/Shin et al. - 2012 - Software-defined networking (SDN) A reference arc.pdf:application/pdf}
}

@article{beloglazov_optimal_2012,
	title = {Optimal online deterministic algorithms and adaptive heuristics for energy and performance efficient dynamic consolidation of virtual machines in {Cloud} data centers: {ENERGY} {AND} {PERFORMANCE} {EFFICIENT} {DYNAMIC} {CONSOLIDATION} {OF} {VIRTUAL} {MACHINES}},
	volume = {24},
	issn = {15320626},
	shorttitle = {Optimal online deterministic algorithms and adaptive heuristics for energy and performance efficient dynamic consolidation of virtual machines in {Cloud} data centers},
	url = {http://doi.wiley.com/10.1002/cpe.1867},
	doi = {10.1002/cpe.1867},
	language = {en},
	number = {13},
	urldate = {2018-03-04},
	journal = {Concurrency and Computation: Practice and Experience},
	author = {Beloglazov, Anton and Buyya, Rajkumar},
	month = sep,
	year = {2012},
	pages = {1397--1420},
	file = {performance_optimization_virtual_machine_placement.pdf:/home/rubens/Zotero/storage/8YP88JBQ/performance_optimization_virtual_machine_placement.pdf:application/pdf}
}

@misc{open_networking_foundation_openflow_2015,
	title = {{OpenFlow} {Switch} {Specification} {Version} 1.3.5 ( {Protocol} version 0x04 )},
	url = {https://www.opennetworking.org/software-defined-standards/specifications/#collapse1},
	language = {English},
	publisher = {Open Networking Foundation},
	author = {{Open Networking Foundation}},
	month = mar,
	year = {2015},
	file = {openflow-switch-v1.3.5.pdf:/home/rubens/Zotero/storage/YHAK3YY3/openflow-switch-v1.3.5.pdf:application/pdf}
}

@article{sezer_are_2013,
	title = {Are we ready for {SDN}? {Implementation} challenges for software-defined networks},
	volume = {51},
	shorttitle = {Are we ready for {SDN}?},
	number = {7},
	journal = {IEEE Communications Magazine},
	author = {Sezer, Sakir and Scott-Hayward, Sandra and Chouhan, Pushpinder Kaur and Fraser, Barbara and Lake, David and Finnegan, Jim and Viljoen, Niel and Miller, Marc and Rao, Navneet},
	year = {2013},
	pages = {36--43},
	file = {sdn_challenges.pdf:/home/rubens/Zotero/storage/FMD2SFKL/sdn_challenges.pdf:application/pdf}
}