
@inproceedings{schulz-zander_opensdwn:_2015,
	title = {{OpenSDWN}: programmatic control over home and enterprise {WiFi}},
	isbn = {978-1-4503-3451-8},
	url = {http://dl.acm.org/citation.cfm?doid=2774993.2775002},
	doi = {10.1145/2774993.2775002},
	shorttitle = {{OpenSDWN}},
	pages = {1--12},
	publisher = {{ACM} Press},
	author = {Schulz-Zander, Julius and Mayer, Carlos and Ciobotaru, Bogdan and Schmid, Stefan and Feldmann, Anja},
	urldate = {2017-06-28},
	date = {2015}
}

@inproceedings{allahdadi_predicting_2013,
	title = {Predicting short 802.11 sessions from radius usage data},
	url = {http://ieeexplore.ieee.org/abstract/document/6758491/},
	pages = {1--8},
	booktitle = {Local Computer Networks Workshops ({LCN} Workshops), 2013 {IEEE} 38th Conference on},
	publisher = {{IEEE}},
	author = {Allahdadi, Anisa and Morla, Ricardo and Aguiar, Ana and Cardoso, Jaime S.},
	urldate = {2017-06-28},
	date = {2013}
}

@inproceedings{suresh_towards_2012,
	title = {Towards programmable enterprise {WLANS} with Odin},
	url = {http://dl.acm.org/citation.cfm?id=2342465},
	pages = {115--120},
	booktitle = {Proceedings of the first workshop on Hot topics in software defined networks},
	publisher = {{ACM}},
	author = {Suresh, Lalith and Schulz-Zander, Julius and Merz, Ruben and Feldmann, Anja and Vazao, Teresa},
	urldate = {2017-06-28},
	date = {2012}
}

@inproceedings{mateljan_cloud_2010,
	title = {Cloud database-as-a-service ({DaaS})-{ROI}},
	url = {http://ieeexplore.ieee.org/abstract/document/5533641/},
	pages = {1185--1188},
	booktitle = {{MIPRO}, 2010 proceedings of the 33rd International convention},
	publisher = {{IEEE}},
	author = {Mateljan, Vladimir and Cisic, D. and Ogrizovic, D.},
	urldate = {2017-06-30},
	date = {2010}
}

@article{mckeown_openflow:_2008,
	title = {{OpenFlow}: enabling innovation in campus networks},
	volume = {38},
	url = {http://dl.acm.org/citation.cfm?id=1355746},
	shorttitle = {{OpenFlow}},
	pages = {69--74},
	number = {2},
	author = {{McKeown}, Nick and Anderson, Tom and Balakrishnan, Hari and Parulkar, Guru and Peterson, Larry and Rexford, Jennifer and Shenker, Scott and Turner, Jonathan},
	urldate = {2017-06-30},
	date = {2008}
}

@inproceedings{li_performance_2013,
	title = {A performance comparison of {SQL} and {NoSQL} databases},
	url = {http://ieeexplore.ieee.org/abstract/document/6625441/},
	pages = {15--19},
	booktitle = {Communications, computers and signal processing ({PACRIM}), 2013 {IEEE} pacific rim conference on},
	publisher = {{IEEE}},
	author = {Li, Yishan and Manoharan, Sathiamoorthy},
	urldate = {2017-06-30},
	date = {2013}
}

@inproceedings{callegati_performance_2014,
	title = {Performance of multi-tenant virtual networks in openstack-based cloud infrastructures},
	url = {http://ieeexplore.ieee.org/abstract/document/7063390/},
	pages = {81--85},
	booktitle = {Globecom Workshops ({GC} Wkshps), 2014},
	publisher = {{IEEE}},
	author = {Callegati, Franco and Cerroni, Walter and Contoli, Chiara and Santandrea, Giuliano},
	urldate = {2017-06-30},
	date = {2014}
}

@report{postel_transmission_1981,
	title = {Transmission Control Protocol},
	url = {http://www.rfc-editor.org/rfc/rfc793.txt},
	number = {7},
	institution = {{RFC} Editor},
	type = {{STD}},
	author = {Postel, Jon},
	date = {1981-09},
	note = {Published: Internet Requests for Comments}
}

@inproceedings{khattak_performance_2014,
	title = {Performance evaluation of {OpenDaylight} {SDN} controller},
	url = {http://ieeexplore.ieee.org/abstract/document/7097868/},
	pages = {671--676},
	booktitle = {Parallel and Distributed Systems ({ICPADS}), 2014 20th {IEEE} International Conference on},
	publisher = {{IEEE}},
	author = {Khattak, Zuhran Khan and Awais, Muhammad and Iqbal, Adnan},
	urldate = {2017-09-03},
	date = {2014},
	file = {14ICPADS_ODLBenchmarking.pdf:/home/rubinhus/Zotero/storage/DMBNKACQ/14ICPADS_ODLBenchmarking.pdf:application/pdf}
}

@inproceedings{shalimov_advanced_2013,
	title = {Advanced study of {SDN}/{OpenFlow} controllers},
	isbn = {978-1-4503-2641-4},
	url = {http://dl.acm.org/citation.cfm?doid=2556610.2556621},
	doi = {10.1145/2556610.2556621},
	pages = {1--6},
	publisher = {{ACM} Press},
	author = {Shalimov, Alexander and Zuikov, Dmitry and Zimarina, Daria and Pashkov, Vasily and Smeliansky, Ruslan},
	urldate = {2017-09-03},
	date = {2013},
	langid = {english},
	file = {advanced_study_sdn_openflow_controllers.pdf:/home/rubinhus/Zotero/storage/NDCXZTW9/advanced_study_sdn_openflow_controllers.pdf:application/pdf}
}

@article{akyildiz_roadmap_2014,
	title = {A roadmap for traffic engineering in {SDN}-{OpenFlow} networks},
	volume = {71},
	issn = {13891286},
	url = {http://linkinghub.elsevier.com/retrieve/pii/S1389128614002254},
	doi = {10.1016/j.comnet.2014.06.002},
	pages = {1--30},
	journaltitle = {Computer Networks},
	author = {Akyildiz, Ian F. and Lee, Ahyoung and Wang, Pu and Luo, Min and Chou, Wu},
	urldate = {2017-09-03},
	date = {2014-10},
	langid = {english},
	file = {A_roadmap_for_traffic_engineering_in_SDN-OpenFlow_networks.pdf:/home/rubinhus/Zotero/storage/IYX6NA4I/A_roadmap_for_traffic_engineering_in_SDN-OpenFlow_networks.pdf:application/pdf}
}

@article{pahl_containerization_2015,
	title = {Containerization and the paas cloud},
	volume = {2},
	url = {http://ieeexplore.ieee.org/abstract/document/7158965/},
	pages = {24--31},
	number = {3},
	journaltitle = {{IEEE} Cloud Computing},
	author = {Pahl, Claus},
	urldate = {2017-09-03},
	date = {2015},
	file = {containerization_cloud_paas_journal.pdf:/home/rubinhus/Zotero/storage/UUU6ILN8/containerization_cloud_paas_journal.pdf:application/pdf}
}

@inproceedings{murty_dyson:_2010,
	title = {Dyson: An Architecture for Extensible Wireless {LANs}.},
	url = {https://www.usenix.org/event/atc10/tech/full_papers/Murty.pdf},
	shorttitle = {Dyson},
	booktitle = {Usenix annual technical conference},
	author = {Murty, Rohan and Padhye, Jitendra and Wolman, Alec and Welsh, Matt},
	urldate = {2017-09-03},
	date = {2010},
	file = {dyson.pdf:/home/rubinhus/Zotero/storage/G9SGTLKK/dyson.pdf:application/pdf}
}

@article{sakr_survey_2011,
	title = {A Survey of Large Scale Data Management Approaches in Cloud Environments},
	volume = {13},
	issn = {1553-877X},
	url = {http://ieeexplore.ieee.org/document/5742778/},
	doi = {10.1109/SURV.2011.032211.00087},
	pages = {311--336},
	number = {3},
	journaltitle = {{IEEE} Communications Surveys \& Tutorials},
	author = {Sakr, Sherif and Liu, Anna and Batista, Daniel M. and Alomari, Mohammad},
	urldate = {2017-09-03},
	date = {2011},
	file = {largescaledatamgmt_cloud.pdf:/home/rubinhus/Zotero/storage/6T8J5DHV/largescaledatamgmt_cloud.pdf:application/pdf}
}

@inproceedings{boicea_mongodb_2012,
	title = {{MongoDB} vs Oracle -- Database Comparison},
	isbn = {978-1-4673-1986-7 978-0-7695-4734-3},
	url = {http://ieeexplore.ieee.org/document/6354766/},
	doi = {10.1109/EIDWT.2012.32},
	pages = {330--335},
	publisher = {{IEEE}},
	author = {Boicea, Alexandru and Radulescu, Florin and Agapin, Laura Ioana},
	urldate = {2017-09-03},
	date = {2012-09},
	file = {mongo_v_oracle.pdf:/home/rubinhus/Zotero/storage/KJR29PV3/mongo_v_oracle.pdf:application/pdf}
}

@inproceedings{hecht_nosql_2011,
	title = {{NoSQL} evaluation: A use case oriented survey},
	url = {http://ieeexplore.ieee.org/abstract/document/6138544/},
	shorttitle = {{NoSQL} evaluation},
	pages = {336--341},
	booktitle = {Cloud and Service Computing ({CSC}), 2011 International Conference on},
	publisher = {{IEEE}},
	author = {Hecht, Robin and Jablonski, Stefan},
	urldate = {2017-09-03},
	date = {2011},
	file = {nosql_evaluation.pdf:/home/rubinhus/Zotero/storage/QWKPZUCC/nosql_evaluation.pdf:application/pdf}
}

@inproceedings{medved_opendaylight:_2014,
	title = {Opendaylight: Towards a model-driven sdn controller architecture},
	url = {http://ieeexplore.ieee.org/abstract/document/6918985/},
	shorttitle = {Opendaylight},
	pages = {1--6},
	booktitle = {World of Wireless, Mobile and Multimedia Networks ({WoWMoM}), 2014 {IEEE} 15th International Symposium on a},
	publisher = {{IEEE}},
	author = {Medved, Jan and Varga, Robert and Tkacik, Anton and Gray, Ken},
	urldate = {2017-09-03},
	date = {2014},
	file = {ODL_model_driven_sdn_controller_architecture.pdf:/home/rubinhus/Zotero/storage/45J9U6DX/ODL_model_driven_sdn_controller_architecture.pdf:application/pdf}
}

@inproceedings{hatonen_off--shelf_2016,
	title = {Off-the-Shelf Software-defined Wi-Fi Networks},
	isbn = {978-1-4503-4193-6},
	url = {http://dl.acm.org/citation.cfm?doid=2934872.2959071},
	doi = {10.1145/2934872.2959071},
	pages = {609--610},
	publisher = {{ACM} Press},
	author = {Hätönen, Seppo and Savolainen, Petri and Rao, Ashwin and Flinck, Hannu and Tarkoma, Sasu},
	urldate = {2017-09-03},
	date = {2016},
	langid = {english},
	file = {offtheshell_sdnwifi.pdf:/home/rubinhus/Zotero/storage/3FT3RLUB/offtheshell_sdnwifi.pdf:application/pdf}
}

@inproceedings{riggio_poster:_2014,
	title = {Poster: programming software-defined wireless networks},
	isbn = {978-1-4503-2783-1},
	url = {http://dl.acm.org/citation.cfm?doid=2639108.2642897},
	doi = {10.1145/2639108.2642897},
	shorttitle = {Poster},
	pages = {413--416},
	publisher = {{ACM} Press},
	author = {Riggio, Roberto and Rasheed, Tinku and Marina, Mahesh K.},
	urldate = {2017-09-03},
	date = {2014},
	langid = {english},
	file = {programmingsdn.pdf:/home/rubinhus/Zotero/storage/FU89BTQ2/programmingsdn.pdf:application/pdf}
}

@article{sezer_are_2013,
	title = {Are we ready for {SDN}? Implementation challenges for software-defined networks},
	volume = {51},
	url = {http://ieeexplore.ieee.org/abstract/document/6553676/},
	shorttitle = {Are we ready for {SDN}?},
	pages = {36--43},
	number = {7},
	journaltitle = {{IEEE} Communications Magazine},
	author = {Sezer, Sakir and Scott-Hayward, Sandra and Chouhan, Pushpinder Kaur and Fraser, Barbara and Lake, David and Finnegan, Jim and Viljoen, Niel and Miller, Marc and Rao, Navneet},
	urldate = {2017-09-03},
	date = {2013},
	file = {sdn_implementation.pdf:/home/rubinhus/Zotero/storage/UGSJ7HDE/sdn_implementation.pdf:application/pdf}
}

@inproceedings{dua_virtualization_2014,
	title = {Virtualization vs Containerization to Support {PaaS}},
	isbn = {978-1-4799-3766-0},
	url = {http://ieeexplore.ieee.org/document/6903537/},
	doi = {10.1109/IC2E.2014.41},
	pages = {610--614},
	publisher = {{IEEE}},
	author = {Dua, Rajdeep and Raja, A Reddy and Kakadia, Dharmesh},
	urldate = {2017-09-03},
	date = {2014-03},
	file = {virtual_v_container_paas.pdf:/home/rubinhus/Zotero/storage/UAYX9B6B/virtual_v_container_paas.pdf:application/pdf}
}

@article{schwartz_alohanet-surfing_2009,
	title = {The Alohanet-surfing for wireless data [History of Communications]},
	volume = {47},
	url = {http://ieeexplore.ieee.org/abstract/document/5350363/},
	number = {12},
	journaltitle = {{IEEE} Communications Magazine},
	author = {Schwartz, M. and Abramson, N.},
	urldate = {2017-09-04},
	date = {2009},
	file = {history_mobile.pdf:/home/rubinhus/feup/tese/resources/history_mobile.pdf:application/pdf}
}

@inproceedings{berde_onos:_2014,
	title = {{ONOS}: towards an open, distributed {SDN} {OS}},
	isbn = {978-1-4503-2989-7},
	url = {http://dl.acm.org/citation.cfm?doid=2620728.2620744},
	doi = {10.1145/2620728.2620744},
	shorttitle = {{ONOS}},
	pages = {1--6},
	publisher = {{ACM} Press},
	author = {Berde, Pankaj and Snow, William and Parulkar, Guru and Gerola, Matteo and Hart, Jonathan and Higuchi, Yuta and Kobayashi, Masayoshi and Koide, Toshio and Lantz, Bob and O'Connor, Brian and Radoslavov, Pavlin},
	urldate = {2017-09-25},
	date = {2014},
	langid = {english},
	file = {onos-towards_sdn_os.pdf:/home/rubinhus/Zotero/storage/EW8KGFMN/onos-towards_sdn_os.pdf:application/pdf}
}